######################################################
######################################################
######################################################
######################################################


# Longer entries suitable for thesis

@String{ACL-1989 = "27th Annual Meeting of the Association for Computational Linguistics (ACL-1989)"}
@String{ACL-1993 = "33rd Annual Meeting of the Association for Computational Linguistics (ACL-1995)"}
@String{ACL-1997 = "35th Annual Meeting of the Association for Computational Linguistics (ACL-1997)"}
@String{ACL-1998 = "36th Annual Meeting of the Association for Computational Linguistics and 17th International Conference on Computational Linguistics (ACL-CoLing-1998)"}
@String{ACL-1999 = "Proceedings of the 37th Annual Meeting of the Association for Computational Linguistics (ACL)"}
@String{ACL-2000 = "Proceedings of the 38th Annual Meeting of the Association for Computational Linguistics (ACL-2000)"}
@String{ACL-2001 = "Proceedings of the 39th Annual Meeting of the Association for Computational Linguistics (ACL-2001)"}
@String{ACL-2002 = "Proceedings of the 40th Annual Meeting of the Association for Computational Linguistics (ACL-2002)"}
@String{ACL-2003 = "Proceedings of the 41st Annual Meeting of the Association for Computational Linguistics (ACL-2003)"}
@String{ACL-2004 = "Proceedings of the 42nd Annual Meeting of the Association for Computational Linguistics (ACL-2004)"}
@String{ACL-2005 = "Proceedings of the 43rd Annual Meeting of the Association for Computational Linguistics (ACL-2005)"}
@String{ACL-2006 = "Proceedings of the 44th Annual Meeting of the Association for Computational Linguistics (ACL-2006)"}
@String{ACL-2007 = "Proceedings of the 45th Annual Meeting of the Association for Computational Linguistics (ACL-2007)"}
@String{ACL-2008 = "Proceedings of the 46th Annual Meeting of the Association for Computational Linguistics: Human Language Technologies"}
@String{ACL-2009 = "Proceedings of the 47th Annual Meeting of the Association for Computational Linguistics: Human Language Technologies"}
@String{ACL-2010 = "Proceedings of the 48th Annual Meeting of the Association for Computational Linguistics: Human Language Technologies"}
@String{ACL-2011 = "Proceedings of the 49th Annual Meeting of the Association for Computational Linguistics: Human Language Technologies"}

@String{EMNLP-2001 = "Proceedings of the 1999 Conference on Empirical Methods in Natural Language Processing (EMNLP-1999)"}
@String{EMNLP-2000 = "2000 Joint SIGDAT Conference on Empirical Methods in Natural Language Processing and Very Large Corpora"}
@String{EMNLP-2001 = "Proceedings of the 2001 Conference on Empirical Methods in Natural Language Processing (EMNLP-2001)"}
@String{EMNLP-2002 = "Proceedings of the 2002 Conference on Empirical Methods in Natural Language Processing (EMNLP-2002)"}
@String{EMNLP-2003 = "Proceedings of the 2003 Conference on Empirical Methods in Natural Language Processing (EMNLP-2003)"}
@String{EMNLP-2004 = "Proceedings of the 2004 Conference on Empirical Methods in Natural Language Processing (EMNLP-2004)"}
@String{EMNLP-2005 = "Proceedings of the 2005 Conference on Empirical Methods in Natural Language Processing (EMNLP-2005)"}
@String{EMNLP-2006 = "Proceedings of the 2006 Conference on Empirical Methods in Natural Language Processing (EMNLP-2006)"}
@String{EMNLP-2007 = "Proceedings of the 2007 Joint Conference on Empirical Methods in Natural Language Processing and Computational Natural Language Learning (EMNLP-CoNLL)"}
@String{EMNLP-2008 = "Proceedings of the 2008 Conference on Empirical Methods in Natural Language Processing (EMNLP-2008)"}
@String{EMNLP-2009 = "Proceedings of the 2009 Conference on Empirical Methods in Natural Language Processing (EMNLP-2009)"}
@String{EMNLP-2010 = "Proceedings of the 2009 Conference on Empirical Methods in Natural Language Processing (EMNLP-2010)"}
@String{EMNLP-2011 = "Proceedings of the 2009 Conference on Empirical Methods in Natural Language Processing (EMNLP-2011)"}

@String{NAACL-2001 = "Second Meeting of the North American Chapter of the Association for Computational Linguistics"}
@String{HLT-2002 = "Proceedings of Second International Conference on Human Language Technology Research (HLT-02)"}
@String{HLT-NAACL-2003 = "Proceedings of the Human Language Technology Conference of the North American chapter of the Association for Computational Linguistics (HLT-NAACL-2003)"}
@String{HLT-NAACL-2004 = "Proceedings of the Human Language Technology Conference of the North American chapter of the Association for Computational Linguistics (HLT-NAACL-2004)"}
@String{HLT-NAACL-2006 = "Proceedings of the Human Language Technology Conference of the North American chapter of the Association for Computational Linguistics (HLT-NAACL-2006)"}
@String{HLT-NAACL-2007 = "Proceedings of the Human Language Technology Conference of the North American chapter of the Association for Computational Linguistics (HLT-NAACL-2007)"}
@String{HLT-NAACL-2009 = "Proceedings of the Human Language Technology Conference of the North American chapter of the Association for Computational Linguistics (HLT-NAACL-2009)"}
@String{HLT-NAACL-2010 = "Proceedings of the Human Language Technology Conference of the North American chapter of the Association for Computational Linguistics (HLT-NAACL-2010)"}

@String{EACL-1989 = "4th Conference of the European Chapter of the Association for Computational Linguistics (EACL-1989)" }
@String{EACL-2003 = "10th Conference of the European Chapter of the Association for Computational Linguistics (EACL-2003)"}
@String{EACL-2006 = "11th Conference of the European Chapter of the Association for Computational Linguistics (EACL-2006)"}
@String{EACL-2009 = "12th Conference of the European Chapter of the Association for Computational Linguistics (EACL-2009)"}

@String{AMTA-2002 = "Proceedings of the 5th Biennial Conference of the Association for Machine Translation in the Americas (AMTA-2002)"}
@String{AMTA-2004 = "Proceedings of the 6th Biennial Conference of the Association for Machine Translation in the Americas (AMTA-2004)"}
@String{AMTA-2006 = "Proceedings of the 7th Biennial Conference of the Association for Machine Translation in the Americas (AMTA-2006)"}
@String{AMTA-2008 = "Proceedings of the 8th Biennial Conference of the Association for Machine Translation in the Americas (AMTA-2008)"}
@String{AMTA-2010 = "Proceedings of the 9th Biennial Conference of the Association for Machine Translation in the Americas (AMTA-2010)"}

@String{IWSLT = "Proceedings of the International Workshop on Spoken Language Technology"}
@String{IWPT = "Proceedings of the International Workshop on Parsing Technologies"}
@String{WMT = "Proceedings of the Workshop on Statistical Machine Translation"}
@String{KDD = "Proceeding of the ACM SIGKDD international conference on Knowledge discovery and data mining"}
@String{CoNLL-2009 = "Thirteenth Conference On Computational Natural Language Learning (CoNLL-2009)"}
@string{conll = {Proceedings of the Annual Conference on Computational Natural Language Learning (CoNLL)}}
@string{coling = {Proceedings of the International Conference on Computational Linguistics (CoLing)}}
@String{WMT10 = "Proceedings of the Joint Fifth Workshop on Statistical Machine Translation and MetricsMATR"}
@string{lrec = {Proceedings of the International Conference on Language Resources and Evaluation}}
@string{eamt = {Proceedings of the European Association for Machine Translation}}



@String{ACL-1989-address = "Vancouver, British Columbia, Canada"}
@String{ACL-1995-address = "Cambridge, Massachusetts"}
@String{ACL-1996-address = "Santa Cruz, California, USA"}
@String{ACL-1997-address = "Madrid, Spain"}
@String{ACL-1998-address = "Montreal, Canada"}
@String{ACL-1999-address = "College Park, Maryland"}
@String{ACL-2000-address = "Hong Kong"}
@String{ACL-2001-address = "Toulouse, France"}
@String{ACL-2002-address = "Philadelphia, Pennsylvania"}
@String{ACL-2003-address = "Sapporo, Japan"}
@String{ACL-2004-address = "Barcelona, Spain"}
@String{ACL-2005-address = "Ann Arbor, Michigan"}
@String{ACL-2006-address = "Sydney, Australia"}
@String{ACL-2007-address = "Prague, Czech Republic"}
@String{ACL-2008-address = "Colmbus, Ohio"}
@String{ACL-2009-address = "Singapore"}
@String{ACL-2010-address = "Uppsala, Sweden"}

@String{EMNLP-1999-address = "College Park, Maryland"}
@String{EMNLP-2000-address = "Hong Kong"}
@String{EMNLP-2001-address = "Pittsburgh, Pennsylvania"}
@String{EMNLP-2002-address = "Philadelphia, Pennsylvania"}
@String{EMNLP-2003-address = "Sapporo, Japan"}
@String{EMNLP-2004-address = "Barcelona, Spain"}
@String{EMNLP-2005-address = "Vancouver, British Columbia., Canada"}
@String{EMNLP-2006-address = "Sydney, Australia"}
@String{EMNLP-2007-address = "Prague, Czech Republic"}
@String{EMNLP-2008-address = "Honolulu, Hawaii"}
@String{EMNLP-2009-address = "Singapore"}
@String{EMNLP-2009-address = "Boston, Massachusetts"}
@String{EMNLP-2009-address = "Edinburgh, Scotland"}


@String{EAMT-2004-address = "Valletta, Malta"}
@String{EAMT-2005-address = "Budapest, Hungary"}

@String{IWPT-2005-address = "Vancouver, BC, Canada"}
@String{AMTA-1994-address = "Columbia, Maryland"}
@String{AMTA-1996-address = "Montreal, Canada"}
@String{AMTA-1998-address = "Langhorne, Pennsylvania"}
@String{AMTA-2000-address = "Cuernavaca, Mexico"}
@String{AMTA-2002-address = "Tiburon, California"}
@String{AMTA-2004-address = "Washington DC"}
@String{AMTA-2006-address = "Cambridge, Massachusetts"}
@String{AMTA-2008-address = "Honolulu, Hawaii"}
@String{AMTA-2010-address = "Denver, Colorado"}

@String{NAACL-2001-address = "Pittsburgh, Pennsylvania"}
@String{HLT-2002-address = "San Diego"}
@String{HLT-NAACL-2003-address = "Edmonton, Alberta"}
@String{HLT-NAACL-2004-address = "Boston, Massachusetts"}
@String{HLT-NAACL-2006-address = "New York, New York"}
@String{HLT-NAACL-2007-address = "Rochester, New York"}
@String{HLT-NAACL-2010-address = "Los Angeles, California"}

@String{COLING-2010-address = "Beijing, China"}

@String{EACL-1989-address = "Manchester, England"}
@String{EACL-2003-address = "Budapest, Hungary"}
@String{EACL-2006-address = "Trento, Italy"}
@String{EACL-2009-address = "Athens, Greece"}

@String{MT-Summit-9-address = "New Orleans, Louisiana"}
@String{KDD-2008-address = "New York"}
@String{CoNLL-2009-address = "Boulder, Colorado"}

######################################################
######################################################
######################################################
######################################################

# Short descriptors of conference names

@String{ACL-1989 = "Proceedings of ACL"}
@String{ACL-1995 = "Proceedings of ACL"}
@String{ACL-1996 = "Proceedings of ACL"}
@String{ACL-1997 = "Proceedings of ACL"}
@String{ACL-1998 = "Proceedings of ACL/CoLing"}
@String{ACL-1999 = "Proceedings of ACL"}
@String{ACL-2000 = "Proceedings of ACL"}
@String{ACL-2001 = "Proceedings of ACL"}
@String{ACL-2002 = "Proceedings of ACL"}
@String{ACL-2003 = "Proceedings of ACL"}
@String{ACL-2004 = "Proceedings of ACL"}
@String{ACL-2005 = "Proceedings of ACL"}
@String{ACL-2006 = "Proceedings of the ACL/Coling"}
@String{ACL-2007 = "Proceedings of ACL"}
@String{ACL-2008 = "Proceedings of ACL/HLT"}
@String{ACL-2009 = "Proceedings of ACL"}
@String{ACL-2010 = "Proceedings of ACL"}
@String{ACL-2011 = "Proceedings of ACL"}

@String{EMNLP-1999 = "Proceedings of EMNLP"}
@String{EMNLP-2000 = "2000 Joint SIGDAT Conference on Empirical Methods in Natural Language Processing and Very Large Corpora"}
@String{EMNLP-2001 = "Proceedings of EMNLP"}
@String{EMNLP-2002 = "Proceedings of EMNLP"}
@String{EMNLP-2003 = "Proceedings of EMNLP"}
@String{EMNLP-2004 = "Proceedings of EMNLP"}
@String{EMNLP-2005 = "Proceedings of EMNLP"}
@String{EMNLP-2006 = "Proceedings of EMNLP"}
@String{EMNLP-2007 = "Proceedings of EMNLP-CoLing"}
@String{EMNLP-2008 = "Proceedings of EMNLP"}
@String{EMNLP-2009 = "Proceedings of EMNLP"}
@String{EMNLP-2010 = "Proceedings of EMNLP"}
@String{EMNLP-2011 = "Proceedings of EMNLP"}


@String{NAACL-2001 = "Proceedings of NAACL"}
@String{HLT-2002 = "Proceedings of HLT"}
@String{HLT-NAACL-2003= "Proceedings of HLT-NAACL"}
@String{HLT-NAACL-2004= "Proceedings of HLT-NAACL"}
@String{HLT-NAACL-2006= "Proceedings of HLT-NAACL"}
@String{HLT-NAACL-2006= "Proceedings of HLT-NAACL"}
@String{HLT-NAACL-2010= "Proceedings of HLT-NAACL"}

@String{EACL-1989 =  "Proceedings of EACL"}
@String{EACL-2003 ="Proceedings of EACL"}
@String{EACL-2006 = "Proceedings of EACL"}
@String{EACL-2009 =  "Proceedings of EACL"}

@String{AMTA-2002 = "Proceedings of AMTA"}
@String{AMTA-2004 = "Proceedings of AMTA"}
@String{AMTA-2006 = "Proceedings of AMTA"}
@String{AMTA-2008 = "Proceedings of AMTA"}
@String{AMTA-2010 = "Proceedings of AMTA"}

@String{IWSLT = "Proceedings of IWSLT"}
@String{WMT10 = "Proceedings of the Workshop on Statistical Machine Translation"}
@String{WMT11 = "Proceedings of the Workshop on Statistical Machine Translation"}

@string{conll = {Proceedings of CoNLL}}
@string{coling = {Proceedings of CoLing}}
@string{lrec = {Proceedings of LREC}}
@string{eamt = {Proceedings of EAMT}}


@String{ACL-1989-address = ""}
@String{ACL-1995-address = ""}
@String{ACL-1997-address = ""}
@String{ACL-1998-address = ""}
@String{ACL-1999-address = ""}
@String{ACL-2000-address = ""}
@String{ACL-2001-address = ""}
@String{ACL-2002-address = ""}
@String{ACL-2003-address = ""}
@String{ACL-2004-address = ""}
@String{ACL-2005-address = ""}
@String{ACL-2006-address = ""}
@String{ACL-2007-address = ""}
@String{ACL-2008-address = ""}
@String{ACL-2009-address = ""}
@String{ACL-2010-address = ""}
@String{ACL-2011-address = ""}

@String{NAACL-2001-address = ""}

@String{EMNLP-2002-address = ""}
@String{EMNLP-2003-address = ""}
@String{EMNLP-2004-address = ""}
@String{EMNLP-2005-address = ""}
@String{EMNLP-2006-address = ""}
@String{EMNLP-2007-address = ""}
@String{EMNLP-2008-address = ""}
@String{EMNLP-2009-address = ""}
@String{EMNLP-2010-address = ""}
@String{EMNLP-2011-address = ""}

@String{HLT-2002-address = ""}
@String{HLT-NAACL-2003-address = ""}
@String{HLT-NAACL-2004-address = ""}
@String{HLT-NAACL-2006-address = ""}
@String{HLT-NAACL-2007-address = ""}
@String{HLT-NAACL-2010-address = ""}

@String{AMTA-2002-address = ""}
@String{AMTA-2004-address = ""}
@String{AMTA-2006-address = ""}
@String{AMTA-2008-address = ""}
@String{AMTA-2010-address = ""}

@String{EACL-1989-address = ""}
@String{EACL-2003-address = ""}
@String{EACL-2006-address = ""}
@String{EACL-2009-address =  ""}

@String{COLING-2010-address = ""}


@String{IWPT-2005-address = ""}
@String{MT-Summit-9-address = ""}
@String{KDD-2008-address = ""}


######################################################
######################################################
######################################################
######################################################




@InProceedings{klementievEACL,
author = {Alex Klementiev and Ann Irvine and Chris Callison-Burch and David Yarowsky},
title = {Toward Statistical Machine Translation without Parallel Corpora},
booktitle = {Proceedings of the 13th Conference of the European Chapter of the Association for Computational Linguistics},
address = {Avignon, France},
publisher = {Association for Computational Linguistics},
year={2012}
}


#Improved word alignment and phrase extraction
@inproceedings{och99,
	author={Och, Franz Josef and Tillmann, Christoph and Ney, Hermann},
	title={Improved Alignment Models for Statistical Machine Translation},
	booktitle=EMNLP-1999,
	pages={20-28},
	year={1999}}

#Word-alignment based phrase extraction techniques...explanation of what works when
@inproceedings{koehn03,
	Author = {Philipp Koehn and Franz Josef Och and Daniel Marcu},
	Booktitle = HLT-NAACL-2003,
	Keywords = {Machine Translation},
	Title = {Statistical Phrase-Based Translation},
	Year = {2003}}
	
	
@inproceedings{moses,
  	author =	{Philipp Koehn and Hieu Hoang and Alexandra Birch and Chris Callison-Burch and Marcello Federico and Nicola Bertoldi and Brooke Cowan and Wade Shen and Christine Moran and Richard Zens and Chris Dyer and Ondrej Bojar and Alexandra Constantin and Evan Herbst},
  	title =	{Moses: Open source toolkit for statistical machine translation},
  	booktitle =   {Proceedings of the ACL-2007 Demo and Poster Sessions},
  	address = ACL-2007-address,
  	year =	{2007}}

@InProceedings{daume11lexicaladapt,
  author =       {Hal {Daum\'e III} and Jagadeesh Jagarlamudi},
  title =        {Domain Adaptation for Machine Translation by Mining Unseen Words},
  booktitle =    {Association for Computational Linguistics},
  year =         {2011},
  address =      {Portland, OR}
  }
	
@inproceedings{Rapp:1995,
	Author = {Reinhard Rapp},
	Booktitle = ACL-1995,
	Title = {Identifying Word Translations in Non-Parallel Texts},
	Year = {1995}}
	
@inproceedings{Fung:1998,
	Author = {Pascale Fung and Lo Yuen Yee},
	Booktitle = ACL-1998,
	Address = ACL-1998-address,
	Title = {An {IR} Approach for Translating New Words from Nonparallel, Comparable Texts},
	Year = {1998}}	

@inproceedings{Schafer:2002,
	Author = {Schafer, Charles and Yarowsky, David},
	Booktitle = conll,
	Keywords = {Lexicon Induction},
	Title = {Inducing translation lexicons via diverse similarity measures and bridge languages},
	Year = {2002}}

@inproceedings{Koehn:2002,
	Author = {Philipp Koehn and Kevin Knight},
	Booktitle = {ACL Workshop on Unsupervised Lexical Acquisition},
	Date-Added = {2007-12-22 21:06:23 -0600},
	Date-Modified = {2010-01-19 13:30:22 -0500},
	Keywords = {Lexicon Induction},
	Title = {Learning a Translation Lexicon from Monolingual Corpora},
	Year = {2002}}

@InProceedings{Garera2009,
  author    = {Garera, Nikesh  and  Chris Callison-Burch  and David Yarowsky},
  title     = {Improving Translation Lexicon Induction from Monolingual Corpora via Dependency Contexts and Part-of-Speech Equivalences},
  booktitle = CoNLL-2009,
  year      = {2009},
  address   = CoNLL-2009-address,
  url       = {http://www.aclweb.org/anthology/W09-1117}
}

@InProceedings{BergsmaVanDurmeIJCAI11,
  author = 	 {Shane Bergsma and Benjamin {Van Durme}},
  title = 	 {Learning Bilingual Lexicons using the Visual Similarity of Labeled Web Images},
  booktitle = {Proceedings of the International Joint Conference on Artificial Intelligence},
  year = 	 {2011},
}

@InProceedings{haghighi-EtAl:2008:ACLMain,
  author    = {Haghighi, Aria  and  Liang, Percy  and  Berg-Kirkpatrick, Taylor  and  Klein, Dan},
  title     = {Learning Bilingual Lexicons from Monolingual Corpora},
  booktitle = {Proceedings of ACL-08: HLT},
  month     = {June},
  year      = {2008},
  address   = {Columbus, Ohio},
  publisher = {Association for Computational Linguistics},
  pages     = {771--779},
  url       = {http://www.aclweb.org/anthology/P/P08/P08-1088}
}	

@InProceedings{indianlangs,
  author    = {Post, Matt  and  Callison-Burch, Chris  and  Osborne, Miles},
  title     = {Constructing Parallel Corpora for Six Indian Languages via Crowdsourcing},
  booktitle = {Proceedings of the Seventh Workshop on Statistical Machine Translation},
  month     = {June},
  year      = {2012},
  address   = {Montr{\'e}al, Canada},
  publisher = {Association for Computational Linguistics},
  pages     = {401--409},
  url       = {http://www.aclweb.org/anthology/W12-3152}
}



